% This file was created with JabRef 2.9.2.
% Encoding: Cp1252

@BOOK{clo03,
  title = {Programming in Prolog},
  publisher = {Springer},
  year = {2003},
  author = {Willimam F. Clocksin and Christopher S. Mellish},
  edition = {5th},
  owner = {Ausberto S. Castro V},
  timestamp = {2013.04.08}
}

@BOOK{pal97,
  title = {Introdução à Programação PROLOG},
  publisher = {EDUCAT},
  year = {1997},
  author = {Luiz A. M. Palazzo},
  owner = {Prof. Ausberto S. Castro V.},
  timestamp = {31.03.2013}
}

@BOOK{roy04,
  title = {Concepts, Techniques and Models of Computer Programming},
  publisher = {The MIT Press},
  year = {2004},
  author = {Peter Van Roy and Seif Haridi},
  address = {Cambridge},
  owner = {Prof. Ausberto S. Castro V.},
  timestamp = {21.04.2013}
}

@BOOK{seb11,
  title = {Conceitos de Linguagens de Programação},
  publisher = {Bookman},
  year = {2011},
  author = {Robert W. Sebesta},
  address = {Porto Alegre},
  owner = {Prof. Ausberto S. Castro V.},
  timestamp = {21.04.2013}
}

@BOOK{sto05,
  title = {Problem Solving with Prolog},
  publisher = {Pitman Publishing},
  year = {2005},
  author = {John Stobo},
  owner = {Ausberto S. Castro V},
  timestamp = {2013.04.15}
}

@BOOK{wat90,
  title = {Programming Language Concepts and Paradigms},
  publisher = {Prentice Hall International},
  year = {1990},
  author = {David Anthony Watt},
  address = {London},
  owner = {Prof. Ausberto S. Castro V.},
  timestamp = {21.04.2013}
}

@BOOK{Sal98,
  title = {Handbook of Programming Languages Volume 4: Functional and Logic
	Programming Languages},
  publisher = {Handbook of Programming Languages Volume 4: Functional, Concurrent
	\& Logic Programming Languages},
  year = {1998},
  editor = {Peter H. Salus},
  owner = {Prof. Ausberto S. Castro V.},
  timestamp = {31.03.2013}
}

